@article{greenwade93,
    author  = "George D. Greenwade",
    title   = "The {C}omprehensive {T}ex {A}rchive {N}etwork ({CTAN})",
    year    = "1993",
    journal = "TUGBoat",
    volume  = "14",
    number  = "3",
    pages   = "342--351"
}

@online{Tfex,
    author = {The Financial Express},
    title = {e-GP helps save US\$600m per year, says IMED Secretary},
    url = {https://thefinancialexpress.com.bd/trade/e-gp-helps-save-us600m-per-year-says-imed-secretary-1672369793},
    urldate = {2022-30-12}
}



@online{TDS,
    author = {The Daily Express},
    title = {e-GP system gets ISO certification},
    url = {https://www.thedailystar.net/business/news/e-gp-system-gets-iso-certification-2955686},
    urldate = {2022-06-02}
}

@online{TDS1,
    author = {The Daily Express},
    title = {Many digital services exist just in name},
    url = {https://www.thedailystar.net/news/bangladesh/news/many-digital-services-exist-just-name-3069566},
    urldate = {2022-14-07}
}


@online{TPA,
    author = {Prothom Alo},
    title = {Savior turns destroyer in government procurement},
    url = {https://en.prothomalo.com/opinion/op-ed/savior-turns-destroyer-in-government-procurement},
    urldate = {2022-03-09}
}

